<?xml version="1.0" encoding="UTF-8"?>
<record xmlns="http://www.loc.gov/MARC21/slim" xmlns:xsi="http://www.w3.org/2001/XMLSchema-instance" xsi:schemaLocation="http://www.loc.gov/MARC21/slim http://www.loc.gov/standards/marcxml/schema/MARC21slim.xsd">
<leader>00000cam a22003491a 4500</leader>
<controlfield tag="001">001696911</controlfield>
<controlfield tag="003">NNU</controlfield>
<controlfield tag="005">20141222194302.0</controlfield>
<controlfield tag="008">010122s1949    le h     b    001 0 ara d</controlfield>
<datafield tag="010" ind1=" " ind2=" ">
<subfield code="a">59542540</subfield>
</datafield>
<datafield tag="035" ind1="9" ind2=" ">
<subfield code="a">NYUb12243948</subfield>
</datafield>
<datafield tag="035" ind1=" " ind2=" ">
<subfield code="a">(CStRLIN)NYUG01-B388</subfield>
</datafield>
<datafield tag="040" ind1=" " ind2=" ">
<subfield code="a">MH</subfield>
<subfield code="c">MH</subfield>
<subfield code="d">CStRLIN</subfield>
<subfield code="d">CtY</subfield>
<subfield code="d">NNU</subfield>
</datafield>
<datafield tag="066" ind1=" " ind2=" ">
<subfield code="c">(3</subfield>
</datafield>
<datafield tag="090" ind1=" " ind2=" ">
<subfield code="a">PJ7765</subfield>
<subfield code="b">.N5 1949</subfield>
</datafield>
<datafield tag="100" ind1="0" ind2=" ">
<subfield code="a">Niqūlā ibn Yūsuf al-Turk,</subfield>
<subfield code="d">1763-1828</subfield>
<subfield code="6">880-01</subfield>
</datafield>
<datafield tag="240" ind1="1" ind2="0">
<subfield code="6">880-02</subfield>
<subfield code="a">Poems</subfield>
</datafield>
<datafield tag="245" ind1="1" ind2="0">
<subfield code="6">880-03</subfield>
<subfield code="a">Dīwān al-Muʻallim Niqūlā al-Turk /</subfield>
<subfield code="c">ḍabata nuṣūṣuh wa-waḍaʻa muqaddimatuh wa-fahārisahu Fuʼād Afrām al-Bustānī.</subfield>
</datafield>
<datafield tag="246" ind1="1" ind2="5">
<subfield code="a">Diwan de Nicholas at-Turk</subfield>
</datafield>
<datafield tag="260" ind1=" " ind2=" ">
<subfield code="6">880-04</subfield>
<subfield code="a">Bayrūt :</subfield>
<subfield code="b">al-Maṭbaʻah a-Kāthūlīkīyah,</subfield>
<subfield code="c">1949.</subfield>
</datafield>
<datafield tag="300" ind1=" " ind2=" ">
<subfield code="a">16, 488, viii p. :</subfield>
<subfield code="b">facsims. ;</subfield>
<subfield code="c">25 cm.</subfield>
</datafield>
<datafield tag="490" ind1="1" ind2=" ">
<subfield code="6">880-05</subfield>
<subfield code="a">Nuṣūṣ wa-wathāʼiq tārīkhīyah ;</subfield>
<subfield code="v">1</subfield>
</datafield>
<datafield tag="500" ind1=" " ind2=" ">
<subfield code="a">Title on added t.p.: Diwan de Nicholas at-Turk, Texte inedit publié avec notes, introduction et tables par Fouad E. Boustany.</subfield>
</datafield>
<datafield tag="504" ind1=" " ind2=" ">
<subfield code="a">Includes bibliographical references and indexes.</subfield>
</datafield>
<datafield tag="700" ind1="1" ind2=" ">
<subfield code="a">Bustānī, Fuʼād Afrām</subfield>
<subfield code="6">880-06</subfield>
</datafield>
<datafield tag="880" ind1="1" ind2=" ">
<subfield code="6">100-01/</subfield>
<subfield code="a">ترك، نيقولا.</subfield>
</datafield>
<datafield tag="880" ind1="1" ind2="0">
<subfield code="6">240-02/</subfield>
<subfield code="a">أشعار</subfield>
</datafield>
<datafield tag="880" ind1="1" ind2="0">
<subfield code="6">245-03/</subfield>
<subfield code="a">ديوان المعلم نقولا الترك /</subfield>
<subfield code="c">ضبط نصوصه ووضع مقدمته وفهارسه فؤاد أفرام البستاني.</subfield>
</datafield>
<datafield tag="880" ind1=" " ind2=" ">
<subfield code="6">260-04/</subfield>
<subfield code="a">بيروت :</subfield>
<subfield code="b">المطبعة الكاثوليكية،</subfield>
<subfield code="c">١٩٤٩.</subfield>
</datafield>
<datafield tag="880" ind1="1" ind2=" ">
<subfield code="6">490-05/</subfield>
<subfield code="a">نصوص ووثائق تاريخية ؛</subfield>
<subfield code="v">١</subfield>
</datafield>
<datafield tag="880" ind1="1" ind2=" ">
<subfield code="6">700-06/</subfield>
<subfield code="a">بستاني، فؤاد أفرام.</subfield>
</datafield>
<datafield tag="810" ind1="1" ind2=" ">
<subfield code="6">880-07</subfield>
<subfield code="a">Lubnān.</subfield>
<subfield code="b">Mudīrīyat al-Āthār.</subfield>
<subfield code="t">Nuṣūṣ wa-wathāʼiq tārīkhīyah ;</subfield>
<subfield code="v">1.</subfield>
</datafield>
<datafield tag="880" ind1="1" ind2=" ">
<subfield code="6">810-07/</subfield>
<subfield code="a">لبنان.</subfield>
<subfield code="b">مديرية الاثار.</subfield>
<subfield code="t">نصوص ووثائق تاريخية ؛</subfield>
<subfield code="v">1.</subfield>
</datafield>
<datafield tag="OWN" ind1=" " ind2=" ">
<subfield code="a">GENERAL</subfield>
</datafield>
<datafield tag="AVA" ind1=" " ind2=" ">
<subfield code="a">NYU50</subfield>
<subfield code="b">BOBST</subfield>
<subfield code="c">Main Collection</subfield>
<subfield code="d">PJ7765 .N5 1949</subfield>
<subfield code="e">unavailable</subfield>
<subfield code="t">Unavailable</subfield>
<subfield code="f">1</subfield>
<subfield code="g">1</subfield>
<subfield code="h">N</subfield>
<subfield code="i">1</subfield>
<subfield code="j">MAIN</subfield>
<subfield code="k">0</subfield>
</datafield>
</record>
